%%%%%%%%%%%%%%%%%%%%%%%%%%%%%%%%%%%%%%%%%%%%%%%%%%%%%%%%%%%%%%%%%%%%%%%%%
%
%   LaTeX File for Doctor (Master) Thesis of BUPT
%   LaTeX + CJK  北京邮电大学博士（硕士）论文模板
%   Some Codes Based on Wang Lei's Template for THU
%
%%%%%%%%%%%%%%%%%%%%%%%%%%%%%%%%%%%%%%%%%%%%%%%%%%%%%%%%%%%%%%%%%%%%%%%%%
%   Copyright 2006  by Wang Xu (gnawux@gmail.com)
%%%%%%%%%%%%%%%%%%%%%%%%%%%%%%%%%%%%%%%%%%%%%%%%%%%%%%%%%%%%%%%%%%%%%%%%%

%（1）专著中的文献
%[序号]  作者  专著名称  版本(第１版不加标注)  出版者 出版年  参考页码
@BOOK{bib:sun96gsm,
	author = "{孙孺石，丁怀元，穆万里等编著}",
	title = {《GSM~数字移动通信工程》},
	publisher = {人民邮电出版社},
	year = "1996~年",
}
@BOOK{bib:sklar02,
	author = "B. Sklar",
	title = "Digital Communications Fundamentals and Applications",
	edition = "{2nd~Edition}",
	publisher = "Person Education",
	year = "2002",
}

%（2）期刊中的文献
%[序号]  作者  文献名称  期刊名称  卷号（期号）  年月  页码范围
@ARTICLE{bib:satyan01,
    author = "M. Satyanarayanan",
    title = "Pervasive Computing: Vision and Challenges",
    journal = "IEEE Magazine on Personal Communication",
    volume = {vol.8},
	number = {No.8},
    month = "Aug",
    year = "2001",
    pages = {pp. 10-17},
}


%（3）论文集
%[序号]  作者  论文题目  见(英文用In)  主编  论文集名  出版地  出版年  页码范围
@INPROCEEDINGS{bib:data_centric,
    author = "Mike Esler and  Jeffrey Hightower and  Tom Anderson and Gaetano Borriello",
    title = "Next century challenges: data-centric networking for invisible computing: the Portolano project at the University of Washington",
	editor = "Unknown",
    booktitle = "Proc. {ACM} {Mobicom'99}",
    address = "Seattle, Washington, US",
	pages = "pp. 256-262",
    year = "1999",
}

%（4）学位论文
%[序号]  作者  题目  ［学位论文］(英文用［Dissertation］)，保存地点，保存单位，年份
@PHDTHESIS{bib:thesis,
	author = {王旭},
	title = {北京邮电大学研究生论文~\LaTeX模板~[学位论文]},
	school = {北京邮电大学},
	year = {2007~年},
	address = {北京}
}

%（5）专利
%[序号]  专利申请者  题目  国别  专利文献种类  专利号  批准日期
@misc{bib:patent,
	author = "{张轶凡，王旭，李彦欣~等}",
	title = {谁知道呢},
	howpublished = "{中国\ 发明专利\ 申请号:~CN200410095068.9~号}",
	year = "2005~年~4~月~27~日",
}

%（6）技术标准
%[序号]  起草责任者  标准代号  标准顺序号－发布年  标准名称  出版地，出版者，出版年度
@TECHREPORT{bib:sip,
    author = "J. Rosenberg and others",
    title = "{RFC} 3261 {SIP}: Session Initiation Protocol",
	address = {Forgot},
	institution = {IETF},
    year = "2002",
}


