@PREAMBLE{
 "\providecommand{\noopsort}[1]{}" 
 # "\providecommand{\singleletter}[1]{#1}%" 
}

@incollection{arimondo2012kilohertz,
  title={Kilohertz-driven Bose--Einstein condensates in optical lattices},
  author={Arimondo, Ennio and Ciampini, Donatella and Eckardt, Andr{\'e} and Holthaus, Martin and Morsch, Oliver},
  booktitle={Advances in Atomic, Molecular, and Optical Physics},
  volume={61},
  pages={515--547},
  year={2012},
  publisher={Elsevier}
}

@article{beri2011z,
  title = {${\mathbb{Z}}_{2}$ Topological Insulators in Ultracold Atomic Gases},
  author = {B\'eri, B. and Cooper, N. R.},
  journal = {Phys. Rev. Lett.},
  volume = {107},
  issue = {14},
  pages = {145301},
  numpages = {5},
  year = {2011},
  month = {Sep},
  publisher = {American Physical Society},
  doi = {10.1103/PhysRevLett.107.145301},
  url = {https://link.aps.org/doi/10.1103/PhysRevLett.107.145301}
}

@article{bloch2005ultracold,
  title={Ultracold quantum gases in optical lattices},
  author={Bloch, Immanuel},
  journal={Nature physics},
  volume={1},
  number={1},
  pages={23},
  year={2005},
  publisher={Nature Publishing Group}
}

@article{bloom2014optical,
  title={An optical lattice clock with accuracy and stability at the 10- 18 level},
  author={Bloom, BJ and Nicholson, TL and Williams, JR and Campbell, SL and Bishof, M and Zhang, X and Zhang, W and Bromley, SL and Ye, J},
  journal={Nature},
  volume={506},
  number={7486},
  pages={71},
  year={2014},
  publisher={Nature Publishing Group}
}

@article{clark2018observation,
  title={Observation of density-dependent gauge fields in a Bose-Einstein condensate based on micromotion control in a shaken two-dimensional lattice},
  author={Clark, Logan W and Anderson, Brandon M and Feng, Lei and Gaj, Anita and Levin, Kathryn and Chin, Cheng},
  journal={Physical review letters},
  volume={121},
  number={3},
  pages={030402},
  year={2018},
  publisher={APS}
}

@article{di2011finite,
  title={Finite-momentum Bose-Einstein condensates in shaken two-dimensional square optical lattices},
  author={Di Liberto, M and Tieleman, O and Branchina, V and Smith, C Morais},
  journal={Physical Review A},
  volume={84},
  number={1},
  pages={013607},
  year={2011},
  publisher={APS}
}

@article{eckardt2005superfluid,
  title={Superfluid-insulator transition in a periodically driven optical lattice},
  author={Eckardt, Andr{\'e} and Weiss, Christoph and Holthaus, Martin},
  journal={Physical review letters},
  volume={95},
  number={26},
  pages={260404},
  year={2005},
  publisher={APS}
}

@article{eckardt2009exploring,
  title={Exploring dynamic localization with a Bose-Einstein condensate},
  author={Eckardt, Andr{\'e} and Holthaus, Martin and Lignier, Hans and Zenesini, Alessandro and Ciampini, Donatella and Morsch, Oliver and Arimondo, Ennio},
  journal={Physical Review A},
  volume={79},
  number={1},
  pages={013611},
  year={2009},
  publisher={APS}
}

@article{Greiner2002Quantum,
  title={Quantum phase transition from a superfluid to a Mott insulator in a gas of ultracold atoms},
  author={Greiner, Markus and Mandel, Olaf and Esslinger, Tilman and HÃ¤nsch, Theodor W. and Bloch, Immanuel},
  journal={Nature},
  volume={415},
  number={6867},
  pages={39-44},
  year={2002},
}

@article{grushin2014floquet,
  title = {Floquet Fractional Chern Insulators},
  author = {Grushin, Adolfo G. and G\'omez-Le\'on, \'Alvaro and Neupert, Titus},
  journal = {Phys. Rev. Lett.},
  volume = {112},
  issue = {15},
  pages = {156801},
  numpages = {5},
  year = {2014},
  month = {Apr},
  publisher = {American Physical Society},
  doi = {10.1103/PhysRevLett.112.156801},
  url = {https://link.aps.org/doi/10.1103/PhysRevLett.112.156801}
}

@article{ha2015roton,
  title={Roton-maxon excitation spectrum of Bose condensates in a shaken optical lattice},
  author={Ha, Li-Chung and Clark, Logan W and Parker, Colin V and Anderson, Brandon M and Chin, Cheng},
  journal={Physical review letters},
  volume={114},
  number={5},
  pages={055301},
  year={2015},
  publisher={APS}
}

@article{jaksch1998cold,
  title={Cold bosonic atoms in optical lattices},
  author={Jaksch, Dieter and Bruder, Christoph and Cirac, Juan Ignacio and Gardiner, Crispin W and Zoller, Peter},
  journal={Physical Review Letters},
  volume={81},
  number={15},
  pages={3108},
  year={1998},
  publisher={APS}
}

@article{jordens2008mott,
  title={A Mott insulator of fermionic atoms in an optical lattice},
  author={J{\"o}rdens, Robert and Strohmaier, Niels and G{\"u}nter, Kenneth and Moritz, Henning and Esslinger, Tilman},
  journal={Nature},
  volume={455},
  number={7210},
  pages={204},
  year={2008},
  publisher={Nature Publishing Group}
}

@article{katan2013modulated,
  title = {Modulated Floquet Topological Insulators},
  author = {Katan, Yaniv Tenenbaum and Podolsky, Daniel},
  journal = {Phys. Rev. Lett.},
  volume = {110},
  issue = {1},
  pages = {016802},
  numpages = {5},
  year = {2013},
  month = {Jan},
  publisher = {American Physical Society},
  doi = {10.1103/PhysRevLett.110.016802},
  url = {https://link.aps.org/doi/10.1103/PhysRevLett.110.016802}
}

@article{kelecs2017effective,
  title={Effective theory of interacting fermions in shaken square optical lattices},
  author={Kele{\c{s}}, Ahmet and Zhao, Erhai and Liu, W Vincent},
  journal={Physical Review A},
  volume={95},
  number={6},
  pages={063619},
  year={2017},
  publisher={APS}
}

@article{lewenstein2007ultracold,
  title={Ultracold atomic gases in optical lattices: mimicking condensed matter physics and beyond},
  author={Lewenstein, Maciej and Sanpera, Anna and Ahufinger, Veronica and Damski, Bogdan and Sen, Aditi and Sen, Ujjwal},
  journal={Advances in Physics},
  volume={56},
  number={2},
  pages={243--379},
  year={2007},
  publisher={Taylor \& Francis}
}

@article{luo2018self,
  title={Self-Adapted Floquet Dynamics of Ultracold Bosons in a Cavity},
  author={Luo, Xi-Wang and Zhang, Chuanwei},
  journal={Physical review letters},
  volume={120},
  number={26},
  pages={263202},
  year={2018},
  publisher={APS}
}

@article{mei2014topological,
  title={Topological insulator and particle pumping in a one-dimensional shaken optical lattice},
  author={Mei, Feng and You, Jia-Bin and Zhang, Dan-Wei and Yang, XC and Fazio, Rosario and Zhu, Shi-Liang and Kwek, Leong Chuan},
  journal={Physical Review A},
  volume={90},
  number={6},
  pages={063638},
  year={2014},
  publisher={APS}
}

@article{morsch2006dynamics,
  title={Dynamics of Bose-Einstein condensates in optical lattices},
  author={Morsch, Oliver and Oberthaler, Markus},
  journal={Reviews of modern physics},
  volume={78},
  number={1},
  pages={179},
  year={2006},
  publisher={APS}
}

@article{sias2008observation,
  title={Observation of photon-assisted tunneling in optical lattices},
  author={Sias, Carlo and Lignier, Hans and Singh, YP and Zenesini, Alessandro and Ciampini, Donatella and Morsch, Olivier and Arimondo, Ennio},
  journal={Physical review letters},
  volume={100},
  number={4},
  pages={040404},
  year={2008},
  publisher={APS}
}

@article{takamoto2005optical,
  title={An optical lattice clock},
  author={Takamoto, Masao and Hong, Feng-Lei and Higashi, Ryoichi and Katori, Hidetoshi},
  journal={Nature},
  volume={435},
  number={7040},
  pages={321},
  year={2005},
  publisher={Nature Publishing Group}
}

@article{weidner2018experimental,
  title={Experimental demonstration of shaken-lattice interferometry},
  author={Weidner, CA and Anderson, Dana Z},
  journal={Physical review letters},
  volume={120},
  number={26},
  pages={263201},
  year={2018},
  publisher={APS}
}

@article{zenesini2010tunneling,
  title={Tunneling control and localization for Bose-Einstein condensates in a frequency modulated optical lattice},
  author={Zenesini, A and Lignier, H and Sias, Carlo and Morsch, O and Ciampini, Donatella and Arimondo, Ennio},
  journal={Laser physics},
  volume={20},
  number={5},
  pages={1182--1189},
  year={2010},
  publisher={Springer}
}

@article{zhang2017manipulating,
  title={Manipulating novel quantum phenomena using synthetic gauge fields},
  author={Zhang, Shao-Liang and Zhou, Qi},
  journal={Journal of Physics B: Atomic, Molecular and Optical Physics},
  volume={50},
  number={22},
  pages={222001},
  year={2017},
  publisher={IOP Publishing}
}

@article{zheng2014floquet,
  title={Floquet topological states in shaking optical lattices},
  author={Zheng, Wei and Zhai, Hui},
  journal={Physical Review A},
  volume={89},
  number={6},
  pages={061603},
  year={2014},
  publisher={APS}
}